@book{stein2017sagemath,
  author    = {William Stein},
  title     = {SageMath: A Free Open-Source Mathematics Software System},
  year      = {2017},
  publisher = {SageMath, Inc.}
}

@article{cox2012using,
  author    = {David Cox},
  title     = {Using SageMath for Algebraic Geometry},
  journal   = {Journal of Symbolic Computation},
  year      = {2012},
  volume    = {47},
  pages     = {123-145}
}
